@book{rotman-algtop,
  title={An Introduction to Algebraic Topology},
  author={Rotman, J.J.},
  isbn={9781461245766},
  lccn={87037646},
  series={Graduate Texts in Mathematics},
  url={https://books.google.co.in/books?id=neUlBQAAQBAJ},
  year={2013},
  publisher={Springer New York}
}
