@book{szamuely-galois,
  title     = {Galois groups and fundamental groups},
  author    = {Szamuely, Tam{\'a}s},
  volume    = {117},
  year      = {2009},
  publisher = {Cambridge university press}
}

@book{lenstra-gschemes,
  title  = {Galois Theory of Schemes},
  author = {H. W. Lenstra},
  year   = {2008},
  url    = {https://websites.math.leidenuniv.nl/algebra/GSchemes.pdf},
  howpublished = "\url{https://websites.math.leidenuniv.nl/algebra/GSchemes.pdf}"
}