@book{lang-algebra,
  author    = {Lang, Serge},
  publisher = {Springer-Verlag New York, Inc.},
  title     = {Algebra},
  series    = {Graduate Texts in Mathematics},
  year      = {2002}
}