@book{jacobson-lie,
  title={Lie Algebras},
  author={Jacobson, N.},
  isbn={9780486638324},
  lccn={79052006},
  series={Dover books on advanced mathematics},
  url={https://books.google.co.in/books?id=hPE1Mmm7SFMC},
  year={1979},
  publisher={Dover}
}

@book{fulton-harris,
  title={Representation Theory: A First Course},
  author={Fulton, W. and Harris, J.},
  isbn={9780387974958},
  lccn={96165313},
  series={Graduate Texts in Mathematics},
  url={https://books.google.co.in/books?id=6GUH8ARxhp8C},
  year={1991},
  publisher={Springer New York}
}
