@book{macdonald-spherical-functions,
  title     = {Spherical Functions on a Group of P-adic Type},
  author    = {Macdonald, I.G.},
  lccn      = {lc72905024},
  series    = {Publications of the Ramanujan Institute},
  year      = {1971},
  publisher = {Ramanujan Institute for Advanced Study in Mathematics, University of Madras}
}

@book{bourbaki-lie-4-6,
  title     = {Lie Groups and Lie Algebras: Chapters 4-6},
  author    = {Bourbaki, N.},
  isbn      = {9783540691716},
  lccn      = {88031203},
  series    = {Elements of Mathematics},
  year      = {2008},
  publisher = {Springer Berlin Heidelberg}
}