@book{macdonald-spherical-functions,
  title     = {Spherical Functions on a Group of P-adic Type},
  author    = {Macdonald, I.G.},
  lccn      = {lc72905024},
  series    = {Publications of the Ramanujan Institute},
  year      = {1971},
  publisher = {Ramanujan Institute for Advanced Study in Mathematics, University of Madras}
}