@book{grandpa-rudin,
  title     = {Functional Analysis},
  author    = {Rudin, W.},
  isbn      = {9780070542365},
  lccn      = {lc90005677},
  series    = {International Series in Pure and Applied Mathematics},
  url       = {https://books.google.co.in/books?id=Sh_vAAAAMAAJ},
  year      = {1991},
  publisher = {McGraw-Hill}
}

@book{papa-rudin,
  title     = {Real and Complex Analysis},
  author    = {Rudin, W.},
  series    = {International Series in Pure and Applied Mathematics},
  year      = {1987},
  publisher = {McGraw-Hill}
}

@book{baby-rudin,
  title     = {Principles of Mathematical Analysis},
  author    = {Rudin, W.},
  series    = {International Series in Pure and Applied Mathematics},
  year      = {1953},
  publisher = {McGraw-Hill}
}

@book{conway-complex-1,
  title     = {Functions of One Complex Variable I},
  author    = {Conway, J.B.},
  isbn      = {9780387903286},
  lccn      = {lc78018836},
  series    = {Graduate Texts in Mathematics},
  url       = {https://books.google.co.in/books?id=9LtfZr1snG0C},
  year      = {1978},
  publisher = {Springer-Verlag}
}

@book{forster-riemann-surfaces,
  title     = {Lectures on Riemann Surfaces},
  author    = {Forster, O.},
  isbn      = {9781461259619},
  series    = {Graduate Texts in Mathematics},
  url       = {https://books.google.co.in/books?id=6wvpBwAAQBAJ},
  year      = {2012},
  publisher = {Springer New York}
}

@book{narasimhan-complex,
  title     = {Complex Analysis in One Variable},
  author    = {Narasimhan, R. and Nievergelt, Y.},
  isbn      = {9780817641641},
  lccn      = {00051906},
  url       = {https://books.google.co.in/books?id=tnlIbsRlg1MC},
  year      = {2000},
  publisher = {Birkh{\"a}user Boston}
}
