@misc{stacks-project,
  shorthand    = {Stacks},
  author       = {The {Stacks Project Authors}},
  title        = {\textit{Stacks Project}},
  howpublished = {\url{https://stacks.math.columbia.edu}},
  year         = {2018}
}

@book{matsumura-crt,
  title     = {Commutative Ring Theory},
  author    = {Matsumura, Hideyuki},
  year      = {1989},
  publisher = {Cambridge University Press}
}