@book{limaye-functional,
  title     = {Functional Analysis},
  author    = {Limaye, B.V.},
  isbn      = {9788122436129},
  year      = {2014},
  publisher = {New Age International (P) Limited, Publishers}
}

@book{conway-complex,
  title={Functions of One Complex Variable},
  author={Conway, J.B.},
  isbn={9783540900627},
  lccn={72096938},
  year={1973},
  publisher={Springer New York}
}
