@article{ischebeck-tor-ext,
  title     = {Eine dualit{\"a}t zwischen den funktoren Ext und Tor},
  author    = {Ischebeck, Friedrich},
  journal   = {Journal of Algebra},
  volume    = {11},
  number    = {4},
  pages     = {510--531},
  year      = {1969},
  publisher = {Academic Press}
}