@book{grandpa-rudin,
  title={Functional Analysis},
  author={Rudin, W.},
  isbn={9780070542365},
  lccn={lc90005677},
  series={International Series in Pure and Applied Mathematics},
  url={https://books.google.co.in/books?id=Sh_vAAAAMAAJ},
  year={1991},
  publisher={McGraw-Hill}
}

@book{conway-complex-1,
  title={Functions of One Complex Variable I},
  author={Conway, J.B.},
  isbn={9780387903286},
  lccn={lc78018836},
  series={Graduate Texts in Mathematics},
  url={https://books.google.co.in/books?id=9LtfZr1snG0C},
  year={1978},
  publisher={Springer-Verlag}
}
