@article{huneke-sharp,
  title   = {Bass numbers of local cohomology modules},
  author  = {Huneke, Craig L and Sharp, Rodney Y},
  journal = {Transactions of the American Mathematical Society},
  volume  = {339},
  number  = {2},
  pages   = {765--779},
  year    = {1993}
}

@article{kunz-regular-local,
  title     = {Characterizations of regular local rings of characteristic $p$},
  author    = {Kunz, Ernst},
  journal   = {American Journal of Mathematics},
  volume    = {91},
  number    = {3},
  pages     = {772--784},
  year      = {1969},
  publisher = {JSTOR}
}