@book{szamuely-galois,
  title     = {Galois groups and fundamental groups},
  author    = {Szamuely, Tam{\'a}s},
  volume    = {117},
  year      = {2009},
  publisher = {Cambridge university press}
}