@book{milnor-differentiable,
  title     = {Topology from the differentiable viewpoint},
  author    = {Milnor, John W.},
  year      = {1997},
  publisher = {Princeton University Press}
}

@book{lee-smooth-manifolds,
  title     = {Introduction to Smooth Manifolds},
  author    = {Lee, John M.},
  year      = {2003},
  publisher = {Springer}
}