@book{atiyah,
  title={Introduction To Commutative Algebra},
  author={Atiyah, M.F. and MacDonald, I.G.},
  isbn={9780813345444},
  series={Addison-Wesley Series in Mathematics},
  url={https://books.google.co.in/books?id=HOASFid4x18C},
  year={1994},
  publisher={Avalon Publishing}
}
